<?xml version="1.0" encoding="UTF-8"?><collection xmlns="http://www.loc.gov/MARC21/slim"><record><leader>00567nam--2200181-u-4500</leader><controlfield tag="001">000056796</controlfield><controlfield tag="002">20190820</controlfield><controlfield tag="005">20190820044712</controlfield><controlfield tag="008">190820s1000------------r-----000-0-eng-d</controlfield><datafield ind1=" " ind2=" " tag="040"><subfield code="a">IFIN-HH</subfield></datafield><datafield ind1=" " ind2=" " tag="041"><subfield code="a">eng</subfield></datafield><datafield ind1="1" ind2=" " tag="100"><subfield code="a">Korevaar, Bastiaan Arie</subfield></datafield><datafield ind1="1" ind2="0" tag="245"><subfield code="a">Integration of Expanding Thermal Plasma deposited hydrogenated amorphous silicon in solar cells</subfield><subfield code="c">Bastiaan Arie Korevaar</subfield></datafield><datafield ind1=" " ind2=" " tag="260"><subfield code="a">Eindhoven</subfield><subfield code="b">Eindhoven University of Technology</subfield><subfield code="c">2002</subfield></datafield><datafield ind1=" " ind2=" " tag="300"><subfield code="a">113 p</subfield></datafield><datafield ind1=" " ind2=" " tag="500"><subfield code="a">Donatie Dinescu Gheorghe</subfield></datafield><datafield ind1=" " ind2=" " tag="852"><subfield code="a">82762</subfield><subfield code="c">533.9</subfield></datafield><datafield ind1=" " ind2=" " tag="CAT"><subfield code="a">SYS</subfield><subfield code="c">20190820</subfield><subfield code="h">044712</subfield></datafield></record></collection>